@misc{CS3390,
  author = {Kartik Srinivas},
  title = {CS3390 - Machine Learning},
  year = {2013},
  publisher = {GitHub},
  journal = {GitHub repository},
  howpublished = {\url{https://github.com/kartiksrinivas007/CS3390-Machine-Learning}},
  commit = {4f57d6a0e4c030202a07a60bc1bb1ed1544bf679}
}